@inproceedings{he2020deberta,
  title     = {Deberta: Decoding-enhanced bert with disentangled attention},
  author    = {He, Pengcheng and Liu, Xiaodong and Wang, Jianfeng and Li, Weizhu and Liu, Yelong and Zhao, Xiuying and Xiao, Xinyan and Liu, Jiawei and Lyu, Yeyun},
  booktitle = {Proceedings of the 2020 Conference on Empirical Methods in Natural Language Processing (EMNLP)},
  pages     = {156--168},
  year      = {2020}
}
@article{tunstall2022efficient,
  title   = {Efficient few-shot learning without prompts},
  author  = {Tunstall, Lewis and Reimers, Nils and Jo, Unso Eun Seo and Bates, Luke and Korat, Daniel and Wasserblat, Moshe and Pereg, Oren},
  journal = {arXiv preprint arXiv:2209.11055},
  year    = {2022}
}

@article{touvron2023llama,
  title   = {Llama 2: Open foundation and fine-tuned chat models},
  author  = {Touvron, Hugo and Martin, Louis and Stone, Kevin and Albert, Peter and Almahairi, Amjad and Babaei, Yasmine and Bashlykov, Nikolay and Batra, Soumya and Bhargava, Prajjwal and Bhosale, Shruti and others},
  journal = {arXiv preprint arXiv:2307.09288},
  year    = {2023}
}

@inproceedings{maheshwari2021scibert,
  title     = {Scibert sentence representation for citation context classification},
  author    = {Maheshwari, Himanshu and Singh, Bhavyajeet and Varma, Vasudeva},
  booktitle = {Proceedings of the Second Workshop on Scholarly Document Processing},
  pages     = {130--133},
  year      = {2021}
}

@inproceedings{kobayashi2023two,
  title     = {Two-Way Multi-Label Loss},
  author    = {Kobayashi, Takumi},
  booktitle = {Proceedings of the IEEE/CVF Conference on Computer Vision and Pattern Recognition},
  pages     = {7476--7485},
  year      = {2023}
}

@article{yang2018sgm,
  title   = {SGM: sequence generation model for multi-label classification},
  author  = {Yang, Pengcheng and Sun, Xu and Li, Wei and Ma, Shuming and Wu, Wei and Wang, Houfeng},
  journal = {arXiv preprint arXiv:1806.04822},
  year    = {2018}
}

@inproceedings{ridnik2021asymmetric,
  title     = {Asymmetric loss for multi-label classification},
  author    = {Ridnik, Tal and Ben-Baruch, Emanuel and Zamir, Nadav and Noy, Asaf and Friedman, Itamar and Protter, Matan and Zelnik-Manor, Lihi},
  booktitle = {Proceedings of the IEEE/CVF International Conference on Computer Vision},
  pages     = {82--91},
  year      = {2021}
}